@misc{Git,
    author    = "Attlassian",
    title     = "Gitflow Workflow Tutorials",
    url       = "https://www.atlassian.com/git/tutorials/comparing-workflows/gitflow-workflow"
}
@misc{Git1,
    author    = "Vincent Driessen",
    title     = "A successful Git branching model",
    url       = "https://nvie.com/posts/a-successful-git-branching-model/"
}
@misc{Git2,
    author    = "Vincent Driessen",
    title     = "Introducing GitFlow",
    url       = "https://datasift.github.io/gitflow/IntroducingGitFlow.html"
}